%YAML 1.1
%TAG !u! tag:unity3d.com,2011:
--- !u!1 &6123527661373233348
GameObject:
  m_ObjectHideFlags: 0
  m_CorrespondingSourceObject: {fileID: 0}
  m_PrefabInstance: {fileID: 0}
  m_PrefabAsset: {fileID: 0}
  serializedVersion: 6
  m_Component:
  - component: {fileID: 6123527661373233359}
  - component: {fileID: 6123527661373233352}
  - component: {fileID: 6123527661373233353}
  - component: {fileID: 6123527661373233354}
  - component: {fileID: 6123527661373233355}
  m_Layer: 8
  m_Name: WallPart
  m_TagString: Untagged
  m_Icon: {fileID: 0}
  m_NavMeshLayer: 0
  m_StaticEditorFlags: 4294967295
  m_IsActive: 1
--- !u!4 &6123527661373233359
Transform:
  m_ObjectHideFlags: 0
  m_CorrespondingSourceObject: {fileID: 0}
  m_PrefabInstance: {fileID: 0}
  m_PrefabAsset: {fileID: 0}
  m_GameObject: {fileID: 6123527661373233348}
  m_LocalRotation: {x: 0.7071068, y: 0, z: 0, w: 0.7071068}
  m_LocalPosition: {x: 2, y: 0, z: -3}
  m_LocalScale: {x: 1, y: 1, z: 1}
  m_Children: []
  m_Father: {fileID: 0}
  m_RootOrder: 0
  m_LocalEulerAnglesHint: {x: 90, y: 0, z: 0}
--- !u!33 &6123527661373233352
MeshFilter:
  m_ObjectHideFlags: 0
  m_CorrespondingSourceObject: {fileID: 0}
  m_PrefabInstance: {fileID: 0}
  m_PrefabAsset: {fileID: 0}
  m_GameObject: {fileID: 6123527661373233348}
  m_Mesh: {fileID: 0}
--- !u!23 &6123527661373233353
MeshRenderer:
  m_ObjectHideFlags: 0
  m_CorrespondingSourceObject: {fileID: 0}
  m_PrefabInstance: {fileID: 0}
  m_PrefabAsset: {fileID: 0}
  m_GameObject: {fileID: 6123527661373233348}
  m_Enabled: 1
  m_CastShadows: 0
  m_ReceiveShadows: 1
  m_DynamicOccludee: 0
  m_MotionVectors: 1
  m_LightProbeUsage: 1
  m_ReflectionProbeUsage: 1
  m_RayTracingMode: 2
  m_RenderingLayerMask: 1
  m_RendererPriority: 0
  m_Materials:
  - {fileID: 2100000, guid: 336d054236aa15d419d7290baced1428, type: 2}
  m_StaticBatchInfo:
    firstSubMesh: 0
    subMeshCount: 0
  m_StaticBatchRoot: {fileID: 0}
  m_ProbeAnchor: {fileID: 0}
  m_LightProbeVolumeOverride: {fileID: 0}
  m_ScaleInLightmap: 1
  m_ReceiveGI: 1
  m_PreserveUVs: 0
  m_IgnoreNormalsForChartDetection: 0
  m_ImportantGI: 0
  m_StitchLightmapSeams: 1
  m_SelectedEditorRenderState: 2
  m_MinimumChartSize: 4
  m_AutoUVMaxDistance: 0.5
  m_AutoUVMaxAngle: 89
  m_LightmapParameters: {fileID: 0}
  m_SortingLayerID: 0
  m_SortingLayer: 0
  m_SortingOrder: 0
--- !u!114 &6123527661373233354
MonoBehaviour:
  m_ObjectHideFlags: 0
  m_CorrespondingSourceObject: {fileID: 0}
  m_PrefabInstance: {fileID: 0}
  m_PrefabAsset: {fileID: 0}
  m_GameObject: {fileID: 6123527661373233348}
  m_Enabled: 1
  m_EditorHideFlags: 0
  m_Script: {fileID: 11500000, guid: 8233d90336aea43098adf6dbabd606a2, type: 3}
  m_Name: 
  m_EditorClassIdentifier: 
  m_MeshFormatVersion: 1
  m_Faces:
  - m_Indexes: 000000000100000002000000
    m_SmoothingGroup: 0
    m_Uv:
      m_UseWorldSpace: 0
      m_FlipU: 0
      m_FlipV: 0
      m_SwapUV: 0
      m_Fill: 1
      m_Scale: {x: 1, y: 1}
      m_Offset: {x: 0, y: 0}
      m_Rotation: 0
      m_Anchor: 9
    m_Material: {fileID: 0}
    m_SubmeshIndex: 0
    m_ManualUV: 1
    elementGroup: -1
    m_TextureGroup: -1
  - m_Indexes: 030000000400000005000000
    m_SmoothingGroup: 0
    m_Uv:
      m_UseWorldSpace: 0
      m_FlipU: 0
      m_FlipV: 0
      m_SwapUV: 0
      m_Fill: 1
      m_Scale: {x: 1, y: 1}
      m_Offset: {x: 0, y: 0}
      m_Rotation: 0
      m_Anchor: 9
    m_Material: {fileID: 0}
    m_SubmeshIndex: 0
    m_ManualUV: 1
    elementGroup: -1
    m_TextureGroup: -1
  - m_Indexes: 060000000700000008000000
    m_SmoothingGroup: 0
    m_Uv:
      m_UseWorldSpace: 0
      m_FlipU: 0
      m_FlipV: 0
      m_SwapUV: 0
      m_Fill: 1
      m_Scale: {x: 1, y: 1}
      m_Offset: {x: 0, y: 0}
      m_Rotation: 0
      m_Anchor: 9
    m_Material: {fileID: 0}
    m_SubmeshIndex: 0
    m_ManualUV: 1
    elementGroup: -1
    m_TextureGroup: -1
  - m_Indexes: 090000000a0000000b000000
    m_SmoothingGroup: 0
    m_Uv:
      m_UseWorldSpace: 0
      m_FlipU: 0
      m_FlipV: 0
      m_SwapUV: 0
      m_Fill: 1
      m_Scale: {x: 1, y: 1}
      m_Offset: {x: 0, y: 0}
      m_Rotation: 0
      m_Anchor: 9
    m_Material: {fileID: 0}
    m_SubmeshIndex: 0
    m_ManualUV: 1
    elementGroup: -1
    m_TextureGroup: -1
  - m_Indexes: 0c0000000d0000000e000000
    m_SmoothingGroup: 0
    m_Uv:
      m_UseWorldSpace: 0
      m_FlipU: 0
      m_FlipV: 0
      m_SwapUV: 0
      m_Fill: 1
      m_Scale: {x: 1, y: 1}
      m_Offset: {x: 0, y: 0}
      m_Rotation: 0
      m_Anchor: 9
    m_Material: {fileID: 0}
    m_SubmeshIndex: 0
    m_ManualUV: 1
    elementGroup: -1
    m_TextureGroup: -1
  - m_Indexes: 0f0000001000000011000000
    m_SmoothingGroup: 0
    m_Uv:
      m_UseWorldSpace: 0
      m_FlipU: 0
      m_FlipV: 0
      m_SwapUV: 0
      m_Fill: 1
      m_Scale: {x: 1, y: 1}
      m_Offset: {x: 0, y: 0}
      m_Rotation: 0
      m_Anchor: 9
    m_Material: {fileID: 0}
    m_SubmeshIndex: 0
    m_ManualUV: 1
    elementGroup: -1
    m_TextureGroup: -1
  - m_Indexes: 120000001300000014000000
    m_SmoothingGroup: 0
    m_Uv:
      m_UseWorldSpace: 0
      m_FlipU: 0
      m_FlipV: 0
      m_SwapUV: 0
      m_Fill: 1
      m_Scale: {x: 1, y: 1}
      m_Offset: {x: 0, y: 0}
      m_Rotation: 0
      m_Anchor: 9
    m_Material: {fileID: 0}
    m_SubmeshIndex: 0
    m_ManualUV: 1
    elementGroup: -1
    m_TextureGroup: -1
  - m_Indexes: 150000001600000017000000
    m_SmoothingGroup: 0
    m_Uv:
      m_UseWorldSpace: 0
      m_FlipU: 0
      m_FlipV: 0
      m_SwapUV: 0
      m_Fill: 1
      m_Scale: {x: 1, y: 1}
      m_Offset: {x: 0, y: 0}
      m_Rotation: 0
      m_Anchor: 9
    m_Material: {fileID: 0}
    m_SubmeshIndex: 0
    m_ManualUV: 1
    elementGroup: -1
    m_TextureGroup: -1
  - m_Indexes: 18000000190000001a000000
    m_SmoothingGroup: 0
    m_Uv:
      m_UseWorldSpace: 0
      m_FlipU: 0
      m_FlipV: 0
      m_SwapUV: 0
      m_Fill: 1
      m_Scale: {x: 1, y: 1}
      m_Offset: {x: 0, y: 0}
      m_Rotation: 0
      m_Anchor: 9
    m_Material: {fileID: 0}
    m_SubmeshIndex: 0
    m_ManualUV: 1
    elementGroup: -1
    m_TextureGroup: -1
  - m_Indexes: 1b0000001c0000001d000000
    m_SmoothingGroup: 0
    m_Uv:
      m_UseWorldSpace: 0
      m_FlipU: 0
      m_FlipV: 0
      m_SwapUV: 0
      m_Fill: 1
      m_Scale: {x: 1, y: 1}
      m_Offset: {x: 0, y: 0}
      m_Rotation: 0
      m_Anchor: 9
    m_Material: {fileID: 0}
    m_SubmeshIndex: 0
    m_ManualUV: 1
    elementGroup: -1
    m_TextureGroup: -1
  - m_Indexes: 1e0000001f00000020000000
    m_SmoothingGroup: 0
    m_Uv:
      m_UseWorldSpace: 0
      m_FlipU: 0
      m_FlipV: 0
      m_SwapUV: 0
      m_Fill: 1
      m_Scale: {x: 1, y: 1}
      m_Offset: {x: 0, y: 0}
      m_Rotation: 0
      m_Anchor: 9
    m_Material: {fileID: 0}
    m_SubmeshIndex: 0
    m_ManualUV: 1
    elementGroup: -1
    m_TextureGroup: -1
  - m_Indexes: 210000002200000023000000
    m_SmoothingGroup: 0
    m_Uv:
      m_UseWorldSpace: 0
      m_FlipU: 0
      m_FlipV: 0
      m_SwapUV: 0
      m_Fill: 1
      m_Scale: {x: 1, y: 1}
      m_Offset: {x: 0, y: 0}
      m_Rotation: 0
      m_Anchor: 9
    m_Material: {fileID: 0}
    m_SubmeshIndex: 0
    m_ManualUV: 1
    elementGroup: -1
    m_TextureGroup: -1
  - m_Indexes: 240000002500000026000000
    m_SmoothingGroup: 0
    m_Uv:
      m_UseWorldSpace: 0
      m_FlipU: 0
      m_FlipV: 0
      m_SwapUV: 0
      m_Fill: 1
      m_Scale: {x: 1, y: 1}
      m_Offset: {x: 0, y: 0}
      m_Rotation: 0
      m_Anchor: 9
    m_Material: {fileID: 0}
    m_SubmeshIndex: 0
    m_ManualUV: 1
    elementGroup: -1
    m_TextureGroup: -1
  - m_Indexes: 270000002800000029000000
    m_SmoothingGroup: 0
    m_Uv:
      m_UseWorldSpace: 0
      m_FlipU: 0
      m_FlipV: 0
      m_SwapUV: 0
      m_Fill: 1
      m_Scale: {x: 1, y: 1}
      m_Offset: {x: 0, y: 0}
      m_Rotation: 0
      m_Anchor: 9
    m_Material: {fileID: 0}
    m_SubmeshIndex: 0
    m_ManualUV: 1
    elementGroup: -1
    m_TextureGroup: -1
  - m_Indexes: 2a0000002b0000002c000000
    m_SmoothingGroup: 0
    m_Uv:
      m_UseWorldSpace: 0
      m_FlipU: 0
      m_FlipV: 0
      m_SwapUV: 0
      m_Fill: 1
      m_Scale: {x: 1, y: 1}
      m_Offset: {x: 0, y: 0}
      m_Rotation: 0
      m_Anchor: 9
    m_Material: {fileID: 0}
    m_SubmeshIndex: 0
    m_ManualUV: 1
    elementGroup: -1
    m_TextureGroup: -1
  - m_Indexes: 2d0000002e0000002f000000
    m_SmoothingGroup: 0
    m_Uv:
      m_UseWorldSpace: 0
      m_FlipU: 0
      m_FlipV: 0
      m_SwapUV: 0
      m_Fill: 1
      m_Scale: {x: 1, y: 1}
      m_Offset: {x: 0, y: 0}
      m_Rotation: 0
      m_Anchor: 9
    m_Material: {fileID: 0}
    m_SubmeshIndex: 0
    m_ManualUV: 1
    elementGroup: -1
    m_TextureGroup: -1
  - m_Indexes: 300000003100000032000000
    m_SmoothingGroup: 0
    m_Uv:
      m_UseWorldSpace: 0
      m_FlipU: 0
      m_FlipV: 0
      m_SwapUV: 0
      m_Fill: 1
      m_Scale: {x: 1, y: 1}
      m_Offset: {x: 0, y: 0}
      m_Rotation: 0
      m_Anchor: 9
    m_Material: {fileID: 0}
    m_SubmeshIndex: 0
    m_ManualUV: 1
    elementGroup: -1
    m_TextureGroup: -1
  - m_Indexes: 330000003400000035000000
    m_SmoothingGroup: 0
    m_Uv:
      m_UseWorldSpace: 0
      m_FlipU: 0
      m_FlipV: 0
      m_SwapUV: 0
      m_Fill: 1
      m_Scale: {x: 1, y: 1}
      m_Offset: {x: 0, y: 0}
      m_Rotation: 0
      m_Anchor: 9
    m_Material: {fileID: 0}
    m_SubmeshIndex: 0
    m_ManualUV: 1
    elementGroup: -1
    m_TextureGroup: -1
  - m_Indexes: 360000003700000038000000
    m_SmoothingGroup: 0
    m_Uv:
      m_UseWorldSpace: 0
      m_FlipU: 0
      m_FlipV: 0
      m_SwapUV: 0
      m_Fill: 1
      m_Scale: {x: 1, y: 1}
      m_Offset: {x: 0, y: 0}
      m_Rotation: 0
      m_Anchor: 9
    m_Material: {fileID: 0}
    m_SubmeshIndex: 0
    m_ManualUV: 1
    elementGroup: -1
    m_TextureGroup: -1
  - m_Indexes: 390000003a0000003b000000
    m_SmoothingGroup: 0
    m_Uv:
      m_UseWorldSpace: 0
      m_FlipU: 0
      m_FlipV: 0
      m_SwapUV: 0
      m_Fill: 1
      m_Scale: {x: 1, y: 1}
      m_Offset: {x: 0, y: 0}
      m_Rotation: 0
      m_Anchor: 9
    m_Material: {fileID: 0}
    m_SubmeshIndex: 0
    m_ManualUV: 1
    elementGroup: -1
    m_TextureGroup: -1
  - m_Indexes: 3c0000003d0000003e000000
    m_SmoothingGroup: 0
    m_Uv:
      m_UseWorldSpace: 0
      m_FlipU: 0
      m_FlipV: 0
      m_SwapUV: 0
      m_Fill: 1
      m_Scale: {x: 1, y: 1}
      m_Offset: {x: 0, y: 0}
      m_Rotation: 0
      m_Anchor: 9
    m_Material: {fileID: 0}
    m_SubmeshIndex: 0
    m_ManualUV: 1
    elementGroup: -1
    m_TextureGroup: -1
  - m_Indexes: 3f0000004000000041000000
    m_SmoothingGroup: 0
    m_Uv:
      m_UseWorldSpace: 0
      m_FlipU: 0
      m_FlipV: 0
      m_SwapUV: 0
      m_Fill: 1
      m_Scale: {x: 1, y: 1}
      m_Offset: {x: 0, y: 0}
      m_Rotation: 0
      m_Anchor: 9
    m_Material: {fileID: 0}
    m_SubmeshIndex: 0
    m_ManualUV: 1
    elementGroup: -1
    m_TextureGroup: -1
  - m_Indexes: 420000004300000044000000
    m_SmoothingGroup: 0
    m_Uv:
      m_UseWorldSpace: 0
      m_FlipU: 0
      m_FlipV: 0
      m_SwapUV: 0
      m_Fill: 1
      m_Scale: {x: 1, y: 1}
      m_Offset: {x: 0, y: 0}
      m_Rotation: 0
      m_Anchor: 9
    m_Material: {fileID: 0}
    m_SubmeshIndex: 0
    m_ManualUV: 1
    elementGroup: -1
    m_TextureGroup: -1
  - m_Indexes: 450000004600000047000000
    m_SmoothingGroup: 0
    m_Uv:
      m_UseWorldSpace: 0
      m_FlipU: 0
      m_FlipV: 0
      m_SwapUV: 0
      m_Fill: 1
      m_Scale: {x: 1, y: 1}
      m_Offset: {x: 0, y: 0}
      m_Rotation: 0
      m_Anchor: 9
    m_Material: {fileID: 0}
    m_SubmeshIndex: 0
    m_ManualUV: 1
    elementGroup: -1
    m_TextureGroup: -1
  - m_Indexes: 48000000490000004a000000
    m_SmoothingGroup: 0
    m_Uv:
      m_UseWorldSpace: 0
      m_FlipU: 0
      m_FlipV: 0
      m_SwapUV: 0
      m_Fill: 1
      m_Scale: {x: 1, y: 1}
      m_Offset: {x: 0, y: 0}
      m_Rotation: 0
      m_Anchor: 9
    m_Material: {fileID: 0}
    m_SubmeshIndex: 0
    m_ManualUV: 1
    elementGroup: -1
    m_TextureGroup: -1
  - m_Indexes: 4b0000004c0000004d000000
    m_SmoothingGroup: 0
    m_Uv:
      m_UseWorldSpace: 0
      m_FlipU: 0
      m_FlipV: 0
      m_SwapUV: 0
      m_Fill: 1
      m_Scale: {x: 1, y: 1}
      m_Offset: {x: 0, y: 0}
      m_Rotation: 0
      m_Anchor: 9
    m_Material: {fileID: 0}
    m_SubmeshIndex: 0
    m_ManualUV: 1
    elementGroup: -1
    m_TextureGroup: -1
  - m_Indexes: 4e0000004f00000050000000
    m_SmoothingGroup: 0
    m_Uv:
      m_UseWorldSpace: 0
      m_FlipU: 0
      m_FlipV: 0
      m_SwapUV: 0
      m_Fill: 1
      m_Scale: {x: 1, y: 1}
      m_Offset: {x: 0, y: 0}
      m_Rotation: 0
      m_Anchor: 9
    m_Material: {fileID: 0}
    m_SubmeshIndex: 0
    m_ManualUV: 1
    elementGroup: -1
    m_TextureGroup: -1
  - m_Indexes: 510000005200000053000000
    m_SmoothingGroup: 0
    m_Uv:
      m_UseWorldSpace: 0
      m_FlipU: 0
      m_FlipV: 0
      m_SwapUV: 0
      m_Fill: 1
      m_Scale: {x: 1, y: 1}
      m_Offset: {x: 0, y: 0}
      m_Rotation: 0
      m_Anchor: 9
    m_Material: {fileID: 0}
    m_SubmeshIndex: 0
    m_ManualUV: 1
    elementGroup: -1
    m_TextureGroup: -1
  - m_Indexes: 540000005500000056000000
    m_SmoothingGroup: 0
    m_Uv:
      m_UseWorldSpace: 0
      m_FlipU: 0
      m_FlipV: 0
      m_SwapUV: 0
      m_Fill: 1
      m_Scale: {x: 1, y: 1}
      m_Offset: {x: 0, y: 0}
      m_Rotation: 0
      m_Anchor: 9
    m_Material: {fileID: 0}
    m_SubmeshIndex: 0
    m_ManualUV: 1
    elementGroup: -1
    m_TextureGroup: -1
  - m_Indexes: 570000005800000059000000
    m_SmoothingGroup: 0
    m_Uv:
      m_UseWorldSpace: 0
      m_FlipU: 0
      m_FlipV: 0
      m_SwapUV: 0
      m_Fill: 1
      m_Scale: {x: 1, y: 1}
      m_Offset: {x: 0, y: 0}
      m_Rotation: 0
      m_Anchor: 9
    m_Material: {fileID: 0}
    m_SubmeshIndex: 0
    m_ManualUV: 1
    elementGroup: -1
    m_TextureGroup: -1
  - m_Indexes: 5a0000005b0000005c000000
    m_SmoothingGroup: 0
    m_Uv:
      m_UseWorldSpace: 0
      m_FlipU: 0
      m_FlipV: 0
      m_SwapUV: 0
      m_Fill: 1
      m_Scale: {x: 1, y: 1}
      m_Offset: {x: 0, y: 0}
      m_Rotation: 0
      m_Anchor: 9
    m_Material: {fileID: 0}
    m_SubmeshIndex: 0
    m_ManualUV: 1
    elementGroup: -1
    m_TextureGroup: -1
  - m_Indexes: 5d0000005e0000005f000000
    m_SmoothingGroup: 0
    m_Uv:
      m_UseWorldSpace: 0
      m_FlipU: 0
      m_FlipV: 0
      m_SwapUV: 0
      m_Fill: 1
      m_Scale: {x: 1, y: 1}
      m_Offset: {x: 0, y: 0}
      m_Rotation: 0
      m_Anchor: 9
    m_Material: {fileID: 0}
    m_SubmeshIndex: 0
    m_ManualUV: 1
    elementGroup: -1
    m_TextureGroup: -1
  - m_Indexes: 600000006100000062000000
    m_SmoothingGroup: 0
    m_Uv:
      m_UseWorldSpace: 0
      m_FlipU: 0
      m_FlipV: 0
      m_SwapUV: 0
      m_Fill: 1
      m_Scale: {x: 1, y: 1}
      m_Offset: {x: 0, y: 0}
      m_Rotation: 0
      m_Anchor: 9
    m_Material: {fileID: 0}
    m_SubmeshIndex: 0
    m_ManualUV: 1
    elementGroup: -1
    m_TextureGroup: -1
  - m_Indexes: 630000006400000065000000
    m_SmoothingGroup: 0
    m_Uv:
      m_UseWorldSpace: 0
      m_FlipU: 0
      m_FlipV: 0
      m_SwapUV: 0
      m_Fill: 1
      m_Scale: {x: 1, y: 1}
      m_Offset: {x: 0, y: 0}
      m_Rotation: 0
      m_Anchor: 9
    m_Material: {fileID: 0}
    m_SubmeshIndex: 0
    m_ManualUV: 1
    elementGroup: -1
    m_TextureGroup: -1
  - m_Indexes: 660000006700000068000000
    m_SmoothingGroup: 0
    m_Uv:
      m_UseWorldSpace: 0
      m_FlipU: 0
      m_FlipV: 0
      m_SwapUV: 0
      m_Fill: 1
      m_Scale: {x: 1, y: 1}
      m_Offset: {x: 0, y: 0}
      m_Rotation: 0
      m_Anchor: 9
    m_Material: {fileID: 0}
    m_SubmeshIndex: 0
    m_ManualUV: 1
    elementGroup: -1
    m_TextureGroup: -1
  - m_Indexes: 690000006a0000006b000000
    m_SmoothingGroup: 0
    m_Uv:
      m_UseWorldSpace: 0
      m_FlipU: 0
      m_FlipV: 0
      m_SwapUV: 0
      m_Fill: 1
      m_Scale: {x: 1, y: 1}
      m_Offset: {x: 0, y: 0}
      m_Rotation: 0
      m_Anchor: 9
    m_Material: {fileID: 0}
    m_SubmeshIndex: 0
    m_ManualUV: 1
    elementGroup: -1
    m_TextureGroup: -1
  - m_Indexes: 6c0000006d0000006e000000
    m_SmoothingGroup: 0
    m_Uv:
      m_UseWorldSpace: 0
      m_FlipU: 0
      m_FlipV: 0
      m_SwapUV: 0
      m_Fill: 1
      m_Scale: {x: 1, y: 1}
      m_Offset: {x: 0, y: 0}
      m_Rotation: 0
      m_Anchor: 9
    m_Material: {fileID: 0}
    m_SubmeshIndex: 0
    m_ManualUV: 1
    elementGroup: -1
    m_TextureGroup: -1
  - m_Indexes: 6f0000007000000071000000
    m_SmoothingGroup: 0
    m_Uv:
      m_UseWorldSpace: 0
      m_FlipU: 0
      m_FlipV: 0
      m_SwapUV: 0
      m_Fill: 1
      m_Scale: {x: 1, y: 1}
      m_Offset: {x: 0, y: 0}
      m_Rotation: 0
      m_Anchor: 9
    m_Material: {fileID: 0}
    m_SubmeshIndex: 0
    m_ManualUV: 1
    elementGroup: -1
    m_TextureGroup: -1
  - m_Indexes: 720000007300000074000000
    m_SmoothingGroup: 0
    m_Uv:
      m_UseWorldSpace: 0
      m_FlipU: 0
      m_FlipV: 0
      m_SwapUV: 0
      m_Fill: 1
      m_Scale: {x: 1, y: 1}
      m_Offset: {x: 0, y: 0}
      m_Rotation: 0
      m_Anchor: 9
    m_Material: {fileID: 0}
    m_SubmeshIndex: 0
    m_ManualUV: 1
    elementGroup: -1
    m_TextureGroup: -1
  - m_Indexes: 750000007600000077000000
    m_SmoothingGroup: 0
    m_Uv:
      m_UseWorldSpace: 0
      m_FlipU: 0
      m_FlipV: 0
      m_SwapUV: 0
      m_Fill: 1
      m_Scale: {x: 1, y: 1}
      m_Offset: {x: 0, y: 0}
      m_Rotation: 0
      m_Anchor: 9
    m_Material: {fileID: 0}
    m_SubmeshIndex: 0
    m_ManualUV: 1
    elementGroup: -1
    m_TextureGroup: -1
  - m_Indexes: 78000000790000007a000000
    m_SmoothingGroup: 0
    m_Uv:
      m_UseWorldSpace: 0
      m_FlipU: 0
      m_FlipV: 0
      m_SwapUV: 0
      m_Fill: 1
      m_Scale: {x: 1, y: 1}
      m_Offset: {x: 0, y: 0}
      m_Rotation: 0
      m_Anchor: 9
    m_Material: {fileID: 0}
    m_SubmeshIndex: 0
    m_ManualUV: 1
    elementGroup: -1
    m_TextureGroup: -1
  - m_Indexes: 7b0000007c0000007d000000
    m_SmoothingGroup: 0
    m_Uv:
      m_UseWorldSpace: 0
      m_FlipU: 0
      m_FlipV: 0
      m_SwapUV: 0
      m_Fill: 1
      m_Scale: {x: 1, y: 1}
      m_Offset: {x: 0, y: 0}
      m_Rotation: 0
      m_Anchor: 9
    m_Material: {fileID: 0}
    m_SubmeshIndex: 0
    m_ManualUV: 1
    elementGroup: -1
    m_TextureGroup: -1
  - m_Indexes: 7e0000007f00000080000000
    m_SmoothingGroup: 0
    m_Uv:
      m_UseWorldSpace: 0
      m_FlipU: 0
      m_FlipV: 0
      m_SwapUV: 0
      m_Fill: 1
      m_Scale: {x: 1, y: 1}
      m_Offset: {x: 0, y: 0}
      m_Rotation: 0
      m_Anchor: 9
    m_Material: {fileID: 0}
    m_SubmeshIndex: 0
    m_ManualUV: 1
    elementGroup: -1
    m_TextureGroup: -1
  - m_Indexes: 810000008200000083000000
    m_SmoothingGroup: 0
    m_Uv:
      m_UseWorldSpace: 0
      m_FlipU: 0
      m_FlipV: 0
      m_SwapUV: 0
      m_Fill: 1
      m_Scale: {x: 1, y: 1}
      m_Offset: {x: 0, y: 0}
      m_Rotation: 0
      m_Anchor: 9
    m_Material: {fileID: 0}
    m_SubmeshIndex: 0
    m_ManualUV: 1
    elementGroup: -1
    m_TextureGroup: -1
  - m_Indexes: 840000008500000086000000
    m_SmoothingGroup: 0
    m_Uv:
      m_UseWorldSpace: 0
      m_FlipU: 0
      m_FlipV: 0
      m_SwapUV: 0
      m_Fill: 1
      m_Scale: {x: 1, y: 1}
      m_Offset: {x: 0, y: 0}
      m_Rotation: 0
      m_Anchor: 9
    m_Material: {fileID: 0}
    m_SubmeshIndex: 0
    m_ManualUV: 1
    elementGroup: -1
    m_TextureGroup: -1
  - m_Indexes: 870000008800000089000000
    m_SmoothingGroup: 0
    m_Uv:
      m_UseWorldSpace: 0
      m_FlipU: 0
      m_FlipV: 0
      m_SwapUV: 0
      m_Fill: 1
      m_Scale: {x: 1, y: 1}
      m_Offset: {x: 0, y: 0}
      m_Rotation: 0
      m_Anchor: 9
    m_Material: {fileID: 0}
    m_SubmeshIndex: 0
    m_ManualUV: 1
    elementGroup: -1
    m_TextureGroup: -1
  - m_Indexes: 8a0000008b0000008c000000
    m_SmoothingGroup: 0
    m_Uv:
      m_UseWorldSpace: 0
      m_FlipU: 0
      m_FlipV: 0
      m_SwapUV: 0
      m_Fill: 1
      m_Scale: {x: 1, y: 1}
      m_Offset: {x: 0, y: 0}
      m_Rotation: 0
      m_Anchor: 9
    m_Material: {fileID: 0}
    m_SubmeshIndex: 0
    m_ManualUV: 1
    elementGroup: -1
    m_TextureGroup: -1
  - m_Indexes: 8d0000008e0000008f000000
    m_SmoothingGroup: 0
    m_Uv:
      m_UseWorldSpace: 0
      m_FlipU: 0
      m_FlipV: 0
      m_SwapUV: 0
      m_Fill: 1
      m_Scale: {x: 1, y: 1}
      m_Offset: {x: 0, y: 0}
      m_Rotation: 0
      m_Anchor: 9
    m_Material: {fileID: 0}
    m_SubmeshIndex: 0
    m_ManualUV: 1
    elementGroup: -1
    m_TextureGroup: -1
  - m_Indexes: 900000009100000092000000
    m_SmoothingGroup: 0
    m_Uv:
      m_UseWorldSpace: 0
      m_FlipU: 0
      m_FlipV: 0
      m_SwapUV: 0
      m_Fill: 1
      m_Scale: {x: 1, y: 1}
      m_Offset: {x: 0, y: 0}
      m_Rotation: 0
      m_Anchor: 9
    m_Material: {fileID: 0}
    m_SubmeshIndex: 0
    m_ManualUV: 1
    elementGroup: -1
    m_TextureGroup: -1
  - m_Indexes: 930000009400000095000000
    m_SmoothingGroup: 0
    m_Uv:
      m_UseWorldSpace: 0
      m_FlipU: 0
      m_FlipV: 0
      m_SwapUV: 0
      m_Fill: 1
      m_Scale: {x: 1, y: 1}
      m_Offset: {x: 0, y: 0}
      m_Rotation: 0
      m_Anchor: 9
    m_Material: {fileID: 0}
    m_SubmeshIndex: 0
    m_ManualUV: 1
    elementGroup: -1
    m_TextureGroup: -1
  - m_Indexes: 960000009700000098000000
    m_SmoothingGroup: 0
    m_Uv:
      m_UseWorldSpace: 0
      m_FlipU: 0
      m_FlipV: 0
      m_SwapUV: 0
      m_Fill: 1
      m_Scale: {x: 1, y: 1}
      m_Offset: {x: 0, y: 0}
      m_Rotation: 0
      m_Anchor: 9
    m_Material: {fileID: 0}
    m_SubmeshIndex: 0
    m_ManualUV: 1
    elementGroup: -1
    m_TextureGroup: -1
  - m_Indexes: 990000009a0000009b000000
    m_SmoothingGroup: 0
    m_Uv:
      m_UseWorldSpace: 0
      m_FlipU: 0
      m_FlipV: 0
      m_SwapUV: 0
      m_Fill: 1
      m_Scale: {x: 1, y: 1}
      m_Offset: {x: 0, y: 0}
      m_Rotation: 0
      m_Anchor: 9
    m_Material: {fileID: 0}
    m_SubmeshIndex: 0
    m_ManualUV: 1
    elementGroup: -1
    m_TextureGroup: -1
  - m_Indexes: 9c0000009d0000009e000000
    m_SmoothingGroup: 0
    m_Uv:
      m_UseWorldSpace: 0
      m_FlipU: 0
      m_FlipV: 0
      m_SwapUV: 0
      m_Fill: 1
      m_Scale: {x: 1, y: 1}
      m_Offset: {x: 0, y: 0}
      m_Rotation: 0
      m_Anchor: 9
    m_Material: {fileID: 0}
    m_SubmeshIndex: 0
    m_ManualUV: 1
    elementGroup: -1
    m_TextureGroup: -1
  - m_Indexes: 9f000000a0000000a1000000
    m_SmoothingGroup: 0
    m_Uv:
      m_UseWorldSpace: 0
      m_FlipU: 0
      m_FlipV: 0
      m_SwapUV: 0
      m_Fill: 1
      m_Scale: {x: 1, y: 1}
      m_Offset: {x: 0, y: 0}
      m_Rotation: 0
      m_Anchor: 9
    m_Material: {fileID: 0}
    m_SubmeshIndex: 0
    m_ManualUV: 1
    elementGroup: -1
    m_TextureGroup: -1
  - m_Indexes: a2000000a3000000a4000000
    m_SmoothingGroup: 0
    m_Uv:
      m_UseWorldSpace: 0
      m_FlipU: 0
      m_FlipV: 0
      m_SwapUV: 0
      m_Fill: 1
      m_Scale: {x: 1, y: 1}
      m_Offset: {x: 0, y: 0}
      m_Rotation: 0
      m_Anchor: 9
    m_Material: {fileID: 0}
    m_SubmeshIndex: 0
    m_ManualUV: 1
    elementGroup: -1
    m_TextureGroup: -1
  - m_Indexes: a5000000a6000000a7000000
    m_SmoothingGroup: 0
    m_Uv:
      m_UseWorldSpace: 0
      m_FlipU: 0
      m_FlipV: 0
      m_SwapUV: 0
      m_Fill: 1
      m_Scale: {x: 1, y: 1}
      m_Offset: {x: 0, y: 0}
      m_Rotation: 0
      m_Anchor: 9
    m_Material: {fileID: 0}
    m_SubmeshIndex: 0
    m_ManualUV: 1
    elementGroup: -1
    m_TextureGroup: -1
  - m_Indexes: a8000000a9000000aa000000
    m_SmoothingGroup: 0
    m_Uv:
      m_UseWorldSpace: 0
      m_FlipU: 0
      m_FlipV: 0
      m_SwapUV: 0
      m_Fill: 1
      m_Scale: {x: 1, y: 1}
      m_Offset: {x: 0, y: 0}
      m_Rotation: 0
      m_Anchor: 9
    m_Material: {fileID: 0}
    m_SubmeshIndex: 0
    m_ManualUV: 1
    elementGroup: -1
    m_TextureGroup: -1
  - m_Indexes: ab000000ac000000ad000000
    m_SmoothingGroup: 0
    m_Uv:
      m_UseWorldSpace: 0
      m_FlipU: 0
      m_FlipV: 0
      m_SwapUV: 0
      m_Fill: 1
      m_Scale: {x: 1, y: 1}
      m_Offset: {x: 0, y: 0}
      m_Rotation: 0
      m_Anchor: 9
    m_Material: {fileID: 0}
    m_SubmeshIndex: 0
    m_ManualUV: 1
    elementGroup: -1
    m_TextureGroup: -1
  - m_Indexes: ae000000af000000b0000000
    m_SmoothingGroup: 0
    m_Uv:
      m_UseWorldSpace: 0
      m_FlipU: 0
      m_FlipV: 0
      m_SwapUV: 0
      m_Fill: 1
      m_Scale: {x: 1, y: 1}
      m_Offset: {x: 0, y: 0}
      m_Rotation: 0
      m_Anchor: 9
    m_Material: {fileID: 0}
    m_SubmeshIndex: 0
    m_ManualUV: 1
    elementGroup: -1
    m_TextureGroup: -1
  - m_Indexes: b1000000b2000000b3000000
    m_SmoothingGroup: 0
    m_Uv:
      m_UseWorldSpace: 0
      m_FlipU: 0
      m_FlipV: 0
      m_SwapUV: 0
      m_Fill: 1
      m_Scale: {x: 1, y: 1}
      m_Offset: {x: 0, y: 0}
      m_Rotation: 0
      m_Anchor: 9
    m_Material: {fileID: 0}
    m_SubmeshIndex: 0
    m_ManualUV: 1
    elementGroup: -1
    m_TextureGroup: -1
  m_SharedVertices: []
  m_SharedTextures: []
  m_Positions:
  - {x: 0, y: 0, z: 0}
  - {x: 3, y: 0, z: 0}
  - {x: 0, y: 1, z: 0}
  - {x: 3, y: 0, z: 0}
  - {x: 3, y: 1, z: 0}
  - {x: 0, y: 1, z: 0}
  - {x: 3, y: 0, z: 0}
  - {x: 3, y: 0, z: -2}
  - {x: 3, y: 1, z: 0}
  - {x: 3, y: 0, z: -2}
  - {x: 3, y: 1, z: -2}
  - {x: 3, y: 1, z: 0}
  - {x: 3, y: 0, z: -2}
  - {x: 0, y: 0, z: -2}
  - {x: 3, y: 1, z: -2}
  - {x: 0, y: 0, z: -2}
  - {x: 0, y: 1, z: -2}
  - {x: 3, y: 1, z: -2}
  - {x: 0, y: 0, z: -2}
  - {x: 0, y: 0, z: 0}
  - {x: 0, y: 1, z: -2}
  - {x: 0, y: 0, z: 0}
  - {x: 0, y: 1, z: 0}
  - {x: 0, y: 1, z: -2}
  - {x: 0.1661011, y: 1.0543416, z: -0.120000005}
  - {x: 2.8061008, y: 1.1036484, z: -0.120000005}
  - {x: 0.1661011, y: 1.0762398, z: -1.88}
  - {x: 2.8061008, y: 1.1036484, z: -0.120000005}
  - {x: 2.8061008, y: 1.1255467, z: -1.88}
  - {x: 0.1661011, y: 1.0762398, z: -1.88}
  - {x: 0, y: 0, z: -2}
  - {x: 3, y: 0, z: -2}
  - {x: 0, y: 0, z: 0}
  - {x: 3, y: 0, z: -2}
  - {x: 3, y: 0, z: 0}
  - {x: 0, y: 0, z: 0}
  - {x: 0, y: 1, z: 0}
  - {x: 3, y: 1, z: 0}
  - {x: 0.1661011, y: 1.0543416, z: -0.120000005}
  - {x: 3, y: 1, z: 0}
  - {x: 2.8061008, y: 1.1036484, z: -0.120000005}
  - {x: 0.1661011, y: 1.0543416, z: -0.120000005}
  - {x: 0, y: 1, z: -2}
  - {x: 0, y: 1, z: 0}
  - {x: 0.1661011, y: 1.0762398, z: -1.88}
  - {x: 0, y: 1, z: 0}
  - {x: 0.1661011, y: 1.0543416, z: -0.120000005}
  - {x: 0.1661011, y: 1.0762398, z: -1.88}
  - {x: 3, y: 1, z: 0}
  - {x: 3, y: 1, z: -2}
  - {x: 2.8061008, y: 1.1036484, z: -0.120000005}
  - {x: 3, y: 1, z: -2}
  - {x: 2.8061008, y: 1.1255467, z: -1.88}
  - {x: 2.8061008, y: 1.1036484, z: -0.120000005}
  - {x: 3, y: 1, z: -2}
  - {x: 0, y: 1, z: -2}
  - {x: 2.8061008, y: 1.1255467, z: -1.88}
  - {x: 0, y: 1, z: -2}
  - {x: 0.1661011, y: 1.0762398, z: -1.88}
  - {x: 2.8061008, y: 1.1255467, z: -1.88}
  - {x: 0, y: 0, z: -1}
  - {x: -3, y: 0, z: -1}
  - {x: 0, y: 1, z: -1}
  - {x: -3, y: 0, z: -1}
  - {x: -3, y: 1, z: -1}
  - {x: 0, y: 1, z: -1}
  - {x: -3, y: 0, z: -1}
  - {x: -3, y: 0, z: 1}
  - {x: -3, y: 1, z: -1}
  - {x: -3, y: 0, z: 1}
  - {x: -3, y: 1, z: 1}
  - {x: -3, y: 1, z: -1}
  - {x: -3, y: 0, z: 1}
  - {x: 0, y: 0, z: 1}
  - {x: -3, y: 1, z: 1}
  - {x: 0, y: 0, z: 1}
  - {x: 0, y: 1, z: 1}
  - {x: -3, y: 1, z: 1}
  - {x: 0, y: 0, z: 1}
  - {x: 0, y: 0, z: -1}
  - {x: 0, y: 1, z: 1}
  - {x: 0, y: 0, z: -1}
  - {x: 0, y: 1, z: -1}
  - {x: 0, y: 1, z: 1}
  - {x: -0.1661011, y: 1.0543416, z: -0.88}
  - {x: -2.8061008, y: 1.1036484, z: -0.88}
  - {x: -0.1661011, y: 1.0762398, z: 0.88}
  - {x: -2.8061008, y: 1.1036484, z: -0.88}
  - {x: -2.8061008, y: 1.1255467, z: 0.88}
  - {x: -0.1661011, y: 1.0762398, z: 0.88}
  - {x: 0, y: 0, z: 1}
  - {x: -3, y: 0, z: 1}
  - {x: 0, y: 0, z: -1}
  - {x: -3, y: 0, z: 1}
  - {x: -3, y: 0, z: -1}
  - {x: 0, y: 0, z: -1}
  - {x: 0, y: 1, z: -1}
  - {x: -3, y: 1, z: -1}
  - {x: -0.1661011, y: 1.0543416, z: -0.88}
  - {x: -3, y: 1, z: -1}
  - {x: -2.8061008, y: 1.1036484, z: -0.88}
  - {x: -0.1661011, y: 1.0543416, z: -0.88}
  - {x: 0, y: 1, z: 1}
  - {x: 0, y: 1, z: -1}
  - {x: -0.1661011, y: 1.0762398, z: 0.88}
  - {x: 0, y: 1, z: -1}
  - {x: -0.1661011, y: 1.0543416, z: -0.88}
  - {x: -0.1661011, y: 1.0762398, z: 0.88}
  - {x: -3, y: 1, z: -1}
  - {x: -3, y: 1, z: 1}
  - {x: -2.8061008, y: 1.1036484, z: -0.88}
  - {x: -3, y: 1, z: 1}
  - {x: -2.8061008, y: 1.1255467, z: 0.88}
  - {x: -2.8061008, y: 1.1036484, z: -0.88}
  - {x: -3, y: 1, z: 1}
  - {x: 0, y: 1, z: 1}
  - {x: -2.8061008, y: 1.1255467, z: 0.88}
  - {x: 0, y: 1, z: 1}
  - {x: -0.1661011, y: 1.0762398, z: 0.88}
  - {x: -2.8061008, y: 1.1255467, z: 0.88}
  - {x: 0, y: 0, z: -1}
  - {x: -0.00000047683716, y: 0, z: -4.0000005}
  - {x: 0, y: 1, z: -1}
  - {x: -0.00000047683716, y: 0, z: -4.0000005}
  - {x: -0.00000047683716, y: 1, z: -4.0000005}
  - {x: 0, y: 1, z: -1}
  - {x: -0.00000047683716, y: 0, z: -4.0000005}
  - {x: -2.0000007, y: 0, z: -4}
  - {x: -0.00000047683716, y: 1, z: -4.0000005}
  - {x: -2.0000007, y: 0, z: -4}
  - {x: -2.0000007, y: 1, z: -4}
  - {x: -0.00000047683716, y: 1, z: -4.0000005}
  - {x: -2.0000007, y: 0, z: -4}
  - {x: -2.0000002, y: 0, z: -0.99999976}
  - {x: -2.0000007, y: 1, z: -4}
  - {x: -2.0000002, y: 0, z: -0.99999976}
  - {x: -2.0000002, y: 1, z: -0.99999976}
  - {x: -2.0000007, y: 1, z: -4}
  - {x: -2.0000002, y: 0, z: -0.99999976}
  - {x: 0, y: 0, z: -1}
  - {x: -2.0000002, y: 1, z: -0.99999976}
  - {x: 0, y: 0, z: -1}
  - {x: 0, y: 1, z: -1}
  - {x: -2.0000002, y: 1, z: -0.99999976}
  - {x: -0.120000005, y: 1.0543416, z: -1.1661011}
  - {x: -0.12000024, y: 1.1036484, z: -3.806101}
  - {x: -1.8800001, y: 1.0762398, z: -1.1661009}
  - {x: -0.12000024, y: 1.1036484, z: -3.806101}
  - {x: -1.8800006, y: 1.1255467, z: -3.8061008}
  - {x: -1.8800001, y: 1.0762398, z: -1.1661009}
  - {x: -2.0000002, y: 0, z: -0.99999976}
  - {x: -2.0000007, y: 0, z: -4}
  - {x: 0, y: 0, z: -1}
  - {x: -2.0000007, y: 0, z: -4}
  - {x: -0.00000047683716, y: 0, z: -4.0000005}
  - {x: 0, y: 0, z: -1}
  - {x: 0, y: 1, z: -1}
  - {x: -0.00000047683716, y: 1, z: -4.0000005}
  - {x: -0.120000005, y: 1.0543416, z: -1.1661011}
  - {x: -0.00000047683716, y: 1, z: -4.0000005}
  - {x: -0.12000024, y: 1.1036484, z: -3.806101}
  - {x: -0.120000005, y: 1.0543416, z: -1.1661011}
  - {x: -2.0000002, y: 1, z: -0.99999976}
  - {x: 0, y: 1, z: -1}
  - {x: -1.8800001, y: 1.0762398, z: -1.1661009}
  - {x: 0, y: 1, z: -1}
  - {x: -0.120000005, y: 1.0543416, z: -1.1661011}
  - {x: -1.8800001, y: 1.0762398, z: -1.1661009}
  - {x: -0.00000047683716, y: 1, z: -4.0000005}
  - {x: -2.0000007, y: 1, z: -4}
  - {x: -0.12000024, y: 1.1036484, z: -3.806101}
  - {x: -2.0000007, y: 1, z: -4}
  - {x: -1.8800006, y: 1.1255467, z: -3.8061008}
  - {x: -0.12000024, y: 1.1036484, z: -3.806101}
  - {x: -2.0000007, y: 1, z: -4}
  - {x: -2.0000002, y: 1, z: -0.99999976}
  - {x: -1.8800006, y: 1.1255467, z: -3.8061008}
  - {x: -2.0000002, y: 1, z: -0.99999976}
  - {x: -1.8800001, y: 1.0762398, z: -1.1661009}
  - {x: -1.8800006, y: 1.1255467, z: -3.8061008}
  m_Textures0:
  - {x: 0, y: 0}
  - {x: -3, y: 0}
  - {x: 0, y: 1}
  - {x: -3, y: 0}
  - {x: -3, y: 1}
  - {x: 0, y: 1}
  - {x: 0, y: 0}
  - {x: -2, y: 0}
  - {x: 0, y: 1}
  - {x: -2, y: 0}
  - {x: -2, y: 1}
  - {x: 0, y: 1}
  - {x: 3, y: 0}
  - {x: 0, y: 0}
  - {x: 3, y: 1}
  - {x: 0, y: 0}
  - {x: 0, y: 1}
  - {x: 3, y: 1}
  - {x: 2, y: 0}
  - {x: 0, y: 0}
  - {x: 2, y: 1}
  - {x: 0, y: 0}
  - {x: 0, y: 1}
  - {x: 2, y: 1}
  - {x: 0.18576048, y: -0.13306488}
  - {x: 2.8262208, y: -0.13306488}
  - {x: 0.1861694, y: -1.893201}
  - {x: 2.8262208, y: -0.13306488}
  - {x: 2.8266296, y: -1.893201}
  - {x: 0.1861694, y: -1.893201}
  - {x: 0, y: -2}
  - {x: -3, y: -2}
  - {x: 0, y: 0}
  - {x: -3, y: -2}
  - {x: -3, y: 0}
  - {x: 0, y: 0}
  - {x: 0, y: -0.4125197}
  - {x: 3, y: -0.4125197}
  - {x: 0.1661011, y: -0.5442505}
  - {x: 3.0181506, y: -0.62894213}
  - {x: 2.8262208, y: -0.78988564}
  - {x: 0.18576048, y: -0.78988564}
  - {x: 0.41715273, y: -2}
  - {x: 0.41715273, y: 0}
  - {x: 0.5999151, y: -1.88}
  - {x: 0.303194, y: -0.011297636}
  - {x: 0.47795257, y: -0.13130608}
  - {x: 0.484592, y: -1.8914298}
  - {x: 2.1743011, y: 0}
  - {x: 2.1743011, y: -2}
  - {x: 1.9544379, y: -0.120000005}
  - {x: 1.9613359, y: -2.0257063}
  - {x: 1.7303438, y: -1.9056998}
  - {x: 1.7423449, y: -0.14560454}
  - {x: 3, y: -0.6590199}
  - {x: 0, y: -0.6590199}
  - {x: 2.8061008, y: -0.48534787}
  - {x: 0.018673591, y: -1.1876041}
  - {x: 0.1861694, y: -1.0470792}
  - {x: 2.8266296, y: -1.0470792}
  - {x: 0, y: 0}
  - {x: -3, y: 0}
  - {x: 0, y: 1}
  - {x: -3, y: 0}
  - {x: -3, y: 1}
  - {x: 0, y: 1}
  - {x: 0, y: 0}
  - {x: -2, y: 0}
  - {x: 0, y: 1}
  - {x: -2, y: 0}
  - {x: -2, y: 1}
  - {x: 0, y: 1}
  - {x: 3, y: 0}
  - {x: 0, y: 0}
  - {x: 3, y: 1}
  - {x: 0, y: 0}
  - {x: 0, y: 1}
  - {x: 3, y: 1}
  - {x: 2, y: 0}
  - {x: 0, y: 0}
  - {x: 2, y: 1}
  - {x: 0, y: 0}
  - {x: 0, y: 1}
  - {x: 2, y: 1}
  - {x: 0.18576048, y: -0.13306488}
  - {x: 2.8262208, y: -0.13306488}
  - {x: 0.1861694, y: -1.893201}
  - {x: 2.8262208, y: -0.13306488}
  - {x: 2.8266296, y: -1.893201}
  - {x: 0.1861694, y: -1.893201}
  - {x: 0, y: -2}
  - {x: -3, y: -2}
  - {x: 0, y: 0}
  - {x: -3, y: -2}
  - {x: -3, y: 0}
  - {x: 0, y: 0}
  - {x: 0, y: -0.4125197}
  - {x: 3, y: -0.4125197}
  - {x: 0.1661011, y: -0.5442505}
  - {x: 3.0181506, y: -0.62894213}
  - {x: 2.8262208, y: -0.78988564}
  - {x: 0.18576048, y: -0.78988564}
  - {x: 0.41715273, y: -2}
  - {x: 0.41715273, y: 0}
  - {x: 0.5999151, y: -1.88}
  - {x: 0.303194, y: -0.011297636}
  - {x: 0.47795257, y: -0.13130608}
  - {x: 0.484592, y: -1.8914298}
  - {x: 2.1743011, y: 0}
  - {x: 2.1743011, y: -2}
  - {x: 1.9544379, y: -0.120000005}
  - {x: 1.9613359, y: -2.0257063}
  - {x: 1.7303438, y: -1.9056998}
  - {x: 1.7423449, y: -0.14560454}
  - {x: 3, y: -0.6590199}
  - {x: 0, y: -0.6590199}
  - {x: 2.8061008, y: -0.48534787}
  - {x: 0.018673591, y: -1.1876041}
  - {x: 0.1861694, y: -1.0470792}
  - {x: 2.8266296, y: -1.0470792}
  - {x: 0, y: 0}
  - {x: -3, y: 0}
  - {x: 0, y: 1}
  - {x: -3, y: 0}
  - {x: -3, y: 1}
  - {x: 0, y: 1}
  - {x: 0, y: 0}
  - {x: -2, y: 0}
  - {x: 0, y: 1}
  - {x: -2, y: 0}
  - {x: -2, y: 1}
  - {x: 0, y: 1}
  - {x: 3, y: 0}
  - {x: 0, y: 0}
  - {x: 3, y: 1}
  - {x: 0, y: 0}
  - {x: 0, y: 1}
  - {x: 3, y: 1}
  - {x: 2, y: 0}
  - {x: 0, y: 0}
  - {x: 2, y: 1}
  - {x: 0, y: 0}
  - {x: 0, y: 1}
  - {x: 2, y: 1}
  - {x: 0.18576048, y: -0.13306488}
  - {x: 2.8262208, y: -0.13306488}
  - {x: 0.1861694, y: -1.893201}
  - {x: 2.8262208, y: -0.13306488}
  - {x: 2.8266296, y: -1.893201}
  - {x: 0.1861694, y: -1.893201}
  - {x: 0, y: -2}
  - {x: -3, y: -2}
  - {x: 0, y: 0}
  - {x: -3, y: -2}
  - {x: -3, y: 0}
  - {x: 0, y: 0}
  - {x: 0, y: -0.4125197}
  - {x: 3, y: -0.4125197}
  - {x: 0.1661011, y: -0.5442505}
  - {x: 3.0181506, y: -0.62894213}
  - {x: 2.8262208, y: -0.78988564}
  - {x: 0.18576048, y: -0.78988564}
  - {x: 0.41715273, y: -2}
  - {x: 0.41715273, y: 0}
  - {x: 0.5999151, y: -1.88}
  - {x: 0.303194, y: -0.011297636}
  - {x: 0.47795257, y: -0.13130608}
  - {x: 0.484592, y: -1.8914298}
  - {x: 2.1743011, y: 0}
  - {x: 2.1743011, y: -2}
  - {x: 1.9544379, y: -0.120000005}
  - {x: 1.9613359, y: -2.0257063}
  - {x: 1.7303438, y: -1.9056998}
  - {x: 1.7423449, y: -0.14560454}
  - {x: 3, y: -0.6590199}
  - {x: 0, y: -0.6590199}
  - {x: 2.8061008, y: -0.48534787}
  - {x: 0.018673591, y: -1.1876041}
  - {x: 0.1861694, y: -1.0470792}
  - {x: 2.8266296, y: -1.0470792}
  m_Textures2: []
  m_Textures3: []
  m_Tangents:
  - {x: -1, y: 0, z: 0, w: -1}
  - {x: -1, y: 0, z: 0, w: -1}
  - {x: -1, y: 0, z: 0, w: -1}
  - {x: -1, y: 0, z: 0, w: -1}
  - {x: -1, y: 0, z: 0, w: -1}
  - {x: -1, y: 0, z: 0, w: -1}
  - {x: 0, y: 0, z: 1, w: -1}
  - {x: 0, y: 0, z: 1, w: -1}
  - {x: 0, y: 0, z: 1, w: -1}
  - {x: 0, y: 0, z: 1, w: -1}
  - {x: 0, y: 0, z: 1, w: -1}
  - {x: 0, y: 0, z: 1, w: -1}
  - {x: 1, y: 0, z: 0, w: -1}
  - {x: 1, y: 0, z: 0, w: -1}
  - {x: 1, y: 0, z: 0, w: -1}
  - {x: 1, y: 0, z: 0, w: -1}
  - {x: 1, y: 0, z: 0, w: -1}
  - {x: 1, y: 0, z: 0, w: -1}
  - {x: 0, y: 0, z: -1, w: -1}
  - {x: 0, y: 0, z: -1, w: -1}
  - {x: 0, y: 0, z: -1, w: -1}
  - {x: 0, y: 0, z: -1, w: -1}
  - {x: 0, y: 0, z: -1, w: -1}
  - {x: 0, y: 0, z: -1, w: -1}
  - {x: 0.99982566, y: 0.018673588, z: -2.3169565e-11, w: -1}
  - {x: 0.99982566, y: 0.018673588, z: -2.3169565e-11, w: -1}
  - {x: 0.99982566, y: 0.018673588, z: -2.3169565e-11, w: -1}
  - {x: 0.99982566, y: 0.018673588, z: -2.3169565e-11, w: -1}
  - {x: 0.99982566, y: 0.018673588, z: -2.3169565e-11, w: -1}
  - {x: 0.99982566, y: 0.018673588, z: -2.3169565e-11, w: -1}
  - {x: -1, y: 0, z: 0, w: -1}
  - {x: -1, y: 0, z: 0, w: -1}
  - {x: -1, y: 0, z: 0, w: -1}
  - {x: -1, y: 0, z: 0, w: -1}
  - {x: -1, y: 0, z: 0, w: -1}
  - {x: -1, y: 0, z: 0, w: -1}
  - {x: 1, y: 0, z: 0, w: -1}
  - {x: 1, y: 0, z: 0, w: -1}
  - {x: 1, y: 0, z: 0, w: -1}
  - {x: 0.99982566, y: 0.01867359, z: 0, w: -1}
  - {x: 0.99982566, y: 0.01867359, z: 0, w: -1}
  - {x: 0.99982566, y: 0.01867359, z: 0, w: -1}
  - {x: 0.90883636, y: 0.4171527, z: 0, w: -1}
  - {x: 0.90883636, y: 0.4171527, z: 0, w: -1}
  - {x: 0.90883636, y: 0.4171527, z: 0, w: -1}
  - {x: 0.9529289, y: 0.303194, z: 0.000000018451685, w: -1}
  - {x: 0.9529289, y: 0.303194, z: 0.000000018451685, w: -1}
  - {x: 0.9529289, y: 0.303194, z: 0.000000018451685, w: -1}
  - {x: 0.88190776, y: -0.4714221, z: 0, w: -1}
  - {x: 0.88190776, y: -0.4714221, z: 0, w: -1}
  - {x: 0.88190776, y: -0.4714221, z: 0, w: -1}
  - {x: 0.8364565, y: -0.5480334, z: -0.00000028045778, w: -1}
  - {x: 0.8364565, y: -0.5480334, z: -0.00000028045778, w: -1}
  - {x: 0.8364565, y: -0.5480334, z: -0.00000028045778, w: -1}
  - {x: 1, y: 0, z: 0, w: -1}
  - {x: 1, y: 0, z: 0, w: -1}
  - {x: 1, y: 0, z: 0, w: -1}
  - {x: 0.99982566, y: 0.018673591, z: -9.692633e-10, w: -1}
  - {x: 0.99982566, y: 0.018673591, z: -9.692633e-10, w: -1}
  - {x: 0.99982566, y: 0.018673591, z: -9.692633e-10, w: -1}
  - {x: 1, y: 0, z: 0, w: -1}
  - {x: 1, y: 0, z: 0, w: -1}
  - {x: 1, y: 0, z: 0, w: -1}
  - {x: 1, y: 0, z: 0, w: -1}
  - {x: 1, y: 0, z: 0, w: -1}
  - {x: 1, y: 0, z: 0, w: -1}
  - {x: 0, y: 0, z: -1, w: -1}
  - {x: 0, y: 0, z: -1, w: -1}
  - {x: 0, y: 0, z: -1, w: -1}
  - {x: 0, y: 0, z: -1, w: -1}
  - {x: 0, y: 0, z: -1, w: -1}
  - {x: 0, y: 0, z: -1, w: -1}
  - {x: -1, y: 0, z: 0, w: -1}
  - {x: -1, y: 0, z: 0, w: -1}
  - {x: -1, y: 0, z: 0, w: -1}
  - {x: -1, y: 0, z: 0, w: -1}
  - {x: -1, y: 0, z: 0, w: -1}
  - {x: -1, y: 0, z: 0, w: -1}
  - {x: 0, y: 0, z: 1, w: -1}
  - {x: 0, y: 0, z: 1, w: -1}
  - {x: 0, y: 0, z: 1, w: -1}
  - {x: 0, y: 0, z: 1, w: -1}
  - {x: 0, y: 0, z: 1, w: -1}
  - {x: 0, y: 0, z: 1, w: -1}
  - {x: -0.99982566, y: 0.018673588, z: 2.3169565e-11, w: -1}
  - {x: -0.99982566, y: 0.018673588, z: 2.3169565e-11, w: -1}
  - {x: -0.99982566, y: 0.018673588, z: 2.3169565e-11, w: -1}
  - {x: -0.99982566, y: 0.018673588, z: 2.3169565e-11, w: -1}
  - {x: -0.99982566, y: 0.018673588, z: 2.3169565e-11, w: -1}
  - {x: -0.99982566, y: 0.018673588, z: 2.3169565e-11, w: -1}
  - {x: 1, y: 0, z: 0, w: -1}
  - {x: 1, y: 0, z: 0, w: -1}
  - {x: 1, y: 0, z: 0, w: -1}
  - {x: 1, y: 0, z: 0, w: -1}
  - {x: 1, y: 0, z: 0, w: -1}
  - {x: 1, y: 0, z: 0, w: -1}
  - {x: -1, y: 0, z: 0, w: -1}
  - {x: -1, y: 0, z: 0, w: -1}
  - {x: -1, y: 0, z: 0, w: -1}
  - {x: -0.99982566, y: 0.01867359, z: 0, w: -1}
  - {x: -0.99982566, y: 0.01867359, z: 0, w: -1}
  - {x: -0.99982566, y: 0.01867359, z: 0, w: -1}
  - {x: -0.90883636, y: 0.4171527, z: 0, w: -1}
  - {x: -0.90883636, y: 0.4171527, z: 0, w: -1}
  - {x: -0.90883636, y: 0.4171527, z: 0, w: -1}
  - {x: -0.9529289, y: 0.303194, z: -0.000000018451685, w: -1}
  - {x: -0.9529289, y: 0.303194, z: -0.000000018451685, w: -1}
  - {x: -0.9529289, y: 0.303194, z: -0.000000018451685, w: -1}
  - {x: -0.88190776, y: -0.4714221, z: 0, w: -1}
  - {x: -0.88190776, y: -0.4714221, z: 0, w: -1}
  - {x: -0.88190776, y: -0.4714221, z: 0, w: -1}
  - {x: -0.8364565, y: -0.5480334, z: 0.00000028045778, w: -1}
  - {x: -0.8364565, y: -0.5480334, z: 0.00000028045778, w: -1}
  - {x: -0.8364565, y: -0.5480334, z: 0.00000028045778, w: -1}
  - {x: -1, y: 0, z: 0, w: -1}
  - {x: -1, y: 0, z: 0, w: -1}
  - {x: -1, y: 0, z: 0, w: -1}
  - {x: -0.99982566, y: 0.018673591, z: 9.692633e-10, w: -1}
  - {x: -0.99982566, y: 0.018673591, z: 9.692633e-10, w: -1}
  - {x: -0.99982566, y: 0.018673591, z: 9.692633e-10, w: -1}
  - {x: 0.0000001589457, y: 0, z: 1, w: -1}
  - {x: 0.0000001589457, y: 0, z: 1, w: -1}
  - {x: 0.0000001589457, y: 0, z: 1, w: -1}
  - {x: 0.0000001589457, y: 0, z: 1, w: -1}
  - {x: 0.0000001589457, y: 0, z: 1, w: -1}
  - {x: 0.0000001589457, y: 0, z: 1, w: -1}
  - {x: 1, y: 0, z: -0.00000023841855, w: -1}
  - {x: 1, y: 0, z: -0.00000023841855, w: -1}
  - {x: 1, y: 0, z: -0.00000023841855, w: -1}
  - {x: 1, y: 0, z: -0.00000023841855, w: -1}
  - {x: 1, y: 0, z: -0.00000023841855, w: -1}
  - {x: 1, y: 0, z: -0.00000023841855, w: -1}
  - {x: -0.00000015894571, y: 0, z: -1, w: -1}
  - {x: -0.00000015894571, y: 0, z: -1, w: -1}
  - {x: -0.00000015894571, y: 0, z: -1, w: -1}
  - {x: -0.00000015894571, y: 0, z: -1, w: -1}
  - {x: -0.00000015894571, y: 0, z: -1, w: -1}
  - {x: -0.00000015894571, y: 0, z: -1, w: -1}
  - {x: -1, y: 0, z: 0.000000119209275, w: -1}
  - {x: -1, y: 0, z: 0.000000119209275, w: -1}
  - {x: -1, y: 0, z: 0.000000119209275, w: -1}
  - {x: -1, y: 0, z: 0.000000119209275, w: -1}
  - {x: -1, y: 0, z: 0.000000119209275, w: -1}
  - {x: -1, y: 0, z: 0.000000119209275, w: -1}
  - {x: -0.00000009029432, y: 0.01867359, z: -0.99982566, w: -1}
  - {x: -0.00000009029432, y: 0.01867359, z: -0.99982566, w: -1}
  - {x: -0.00000009029432, y: 0.01867359, z: -0.99982566, w: -1}
  - {x: -0.00000018061178, y: 0.018673586, z: -0.9998256, w: -1}
  - {x: -0.00000018061178, y: 0.018673586, z: -0.9998256, w: -1}
  - {x: -0.00000018061178, y: 0.018673586, z: -0.9998256, w: -1}
  - {x: 0.00000015894571, y: 0, z: 1, w: -1}
  - {x: 0.00000015894571, y: 0, z: 1, w: -1}
  - {x: 0.00000015894571, y: 0, z: 1, w: -1}
  - {x: 0.00000015894568, y: 0, z: 1, w: -1}
  - {x: 0.00000015894568, y: 0, z: 1, w: -1}
  - {x: 0.00000015894568, y: 0, z: 1, w: -1}
  - {x: -0.00000015894571, y: 6.4726785e-15, z: -1, w: -1}
  - {x: -0.00000015894571, y: 6.4726785e-15, z: -1, w: -1}
  - {x: -0.00000015894571, y: 6.4726785e-15, z: -1, w: -1}
  - {x: -0.00000008967369, y: 0.018673588, z: -0.9998256, w: -1}
  - {x: -0.00000008967369, y: 0.018673588, z: -0.9998256, w: -1}
  - {x: -0.00000008967369, y: 0.018673588, z: -0.9998256, w: -1}
  - {x: 0.0000005739922, y: 0.4171528, z: -0.9088364, w: -1}
  - {x: 0.0000005739922, y: 0.4171528, z: -0.9088364, w: -1}
  - {x: 0.0000005739922, y: 0.4171528, z: -0.9088364, w: -1}
  - {x: 0.00000006437776, y: 0.30319393, z: -0.9529289, w: -1}
  - {x: 0.00000006437776, y: 0.30319393, z: -0.9529289, w: -1}
  - {x: 0.00000006437776, y: 0.30319393, z: -0.9529289, w: -1}
  - {x: -0.0000011494574, y: -0.47142172, z: -0.881908, w: -1}
  - {x: -0.0000011494574, y: -0.47142172, z: -0.881908, w: -1}
  - {x: -0.0000011494574, y: -0.47142172, z: -0.881908, w: -1}
  - {x: -0.0000006895537, y: -0.5480334, z: -0.8364565, w: -1}
  - {x: -0.0000006895537, y: -0.5480334, z: -0.8364565, w: -1}
  - {x: -0.0000006895537, y: -0.5480334, z: -0.8364565, w: -1}
  - {x: -0.00000015894571, y: 0, z: -1, w: -1}
  - {x: -0.00000015894571, y: 0, z: -1, w: -1}
  - {x: -0.00000015894571, y: 0, z: -1, w: -1}
  - {x: -0.00000018058863, y: 0.018673588, z: -0.9998256, w: -1}
  - {x: -0.00000018058863, y: 0.018673588, z: -0.9998256, w: -1}
  - {x: -0.00000018058863, y: 0.018673588, z: -0.9998256, w: -1}
  m_Colors: []
  m_UnwrapParameters:
    m_HardAngle: 88
    m_PackMargin: 20
    m_AngleError: 8
    m_AreaError: 15
  m_PreserveMeshAssetOnDestroy: 0
  assetGuid: 
  m_IsSelectable: 1
  m_SelectedFaces: 
  m_SelectedEdges: []
  m_SelectedVertices: 
--- !u!64 &6123527661373233355
MeshCollider:
  m_ObjectHideFlags: 0
  m_CorrespondingSourceObject: {fileID: 0}
  m_PrefabInstance: {fileID: 0}
  m_PrefabAsset: {fileID: 0}
  m_GameObject: {fileID: 6123527661373233348}
  m_Material: {fileID: 0}
  m_IsTrigger: 0
  m_Enabled: 1
  serializedVersion: 3
  m_Convex: 0
  m_CookingOptions: 30
  m_Mesh: {fileID: 0}
